% https://doi.org/10.1021/acs.chemmater.0c03332
@article{Batra2020,
	author = {Batra, Rohit and Dai, Hanjun and Huan, Tran Doan and Chen, Lihua and Kim, Chiho and Gutekunst, Will R. and Song, Le and Ramprasad,	Rampi},
	title = {Polymers for Extreme Conditions Designed Using Syntax-Directed Variational Autoencoders},
	journal = {Chemistry of Materials},
	year = {2020},
	volume = {32},
	number = {24},
	pages = {10489-10500},
	doi = {10.1021/acs.chemmater.0c03332}
}

% https://www.sciencedirect.com/science/article/pii/S0301679X20304618
@article{Bashandeh2021,
	author = {Kian Bashandeh and Vasilis Tsigkis and Pixiang Lan and Andreas A. Polycarpou},
	title = {Extreme environment tribological study of advanced bearing polymers for space applications},
	journal = {Tribology International},
	year = {2021},
	volume = {153},
	pages = {106634},
	doi = {10.1016/j.triboint.2020.106634}
}

% https://www.sciencedirect.com/science/article/pii/B9781455731077000105
@incollection{Lau2014,
 	author = {Kreisler S.Y. Lau},
 	title = {High-Performance Polyimides and High Temperature Resistant Polymers},
 	booktitle = {Handbook of Thermoset Plastics (Third Edition)},
 	editor = {Hanna Dodiuk and Sidney H. Goodman},
 	publisher = {William Andrew Publishing},
 	year = {2014},
 	pages = {297-424},
 	address = {Boston}
}

% https://www.sciencedirect.com/science/article/pii/S0014305709004820
@article{Rioboo2010,
	author = {R.J. {Jiménez Riobóo} and A. {De Andrés} and A. Kubacka and M. Fernández-García and M.L. Cerrada and C. Serrano and M. Fernández-García},
	title = {Influence of nanoparticles on elastic and optical properties of a polymeric matrix: Hypersonic studies on ethylene–vinyl alcohol copolymer–titania nanocomposites},
	journal = {European Polymer Journal},
	year = {2010},
	volume = {46},
	number = {3},
	pages = {397-403},
	doi = {10.1016/j.eurpolymj.2009.11.009}
}

% https://www.mdpi.com/2079-4991/12/18/3136
@article{LiTong2022,
	author = {Li, Tong and Mao, Zebei and Du, Juan and Song, Zhuoyu},
	title = {Structure and Nanomechanics of PPTA-CNT Composite Fiber: A Molecular Dynamics Study},
	journal = {Nanomaterials},
	year = {2022},
	volume = {12},
	number = {18},
	doi = {10.3390/nano12183136}
}

% https://www.sciencedirect.com/science/article/pii/S1385894716317703?via%3Dihub
@article{LeiWang2017,
	author = {Lei Wang and Yongxiang Shi and Sixian Chen and Wencai Wang and Ming Tian and Nanying Ning and Liqun Zhang},
	title = {Highly efficient mussel-like inspired modification of aramid fibers by UV-accelerated catechol/polyamine deposition followed chemical grafting for high-performance polymer composites},
	journal = {Chemical Engineering Journal},
	year = {2017},
	volume = {314},
	pages = {583-593},
	doi = {10.1016/j.cej.2016.12.015}
}

% https://onlinelibrary.wiley.com/doi/10.1002/app.45520
@article{Kanbargi2017,
	author = {Kanbargi, Nihal and Lesser, Alan J.},
	title = {Improving adhesion between aramid fibers and natural rubber through morphological and synthetic modification of the fibers},
	journal = {Journal of Applied Polymer Science},
	year = {2018},
	volume = {135},
	number = {24},
	pages = {45520},
	doi = {10.1002/app.45520}
}

% https://www.sciencedirect.com/science/article/pii/S0014305721000860
@article{BoZhang2021,
	author = {Bo Zhang and Lihua Jia and Ming Tian and Nanying Ning and Liqun Zhang and Wencai Wang},
	title = {Surface and interface modification of aramid fiber and its reinforcement for polymer composites: A review},
	journal = {European Polymer Journal},
	year = {2021},
	volume = {147},
	pages = {110352},
	doi = {10.1016/j.eurpolymj.2021.110352}
}

% https://www.mdpi.com/2073-4360/11/8/1231
@article{Yang2019,
	author = {Yang, Xuan and Tu, Qunzhang and Shen, Xinmin and Yin, Qin and Pan, Ming and Jiang, Chengming and Hu, Caibing},
	title = {Enhancing the Interfacial Adhesion with Rubber Matrix by Grafting Polydopamine-Carbon Nanotubes onto Poly(p-phenylene terephthalamide) Fibers},
	journal = {Polymers},
	year = {2019},
	volume = {11},
	number = {8},
	pages = {1231},
	doi = {10.3390/polym11081231}
}

% https://pubs.acs.org/doi/10.1021/am404394g
@article{ShushengChen2014,
	author = {Chen, Shusheng and Cao, Yewen and Feng, Jiachun},
	title = {Polydopamine As an Efficient and Robust Platform to Functionalize Carbon Fiber for High-Performance Polymer Composites},
	journal = {ACS Applied Materials \& Interfaces},
	year = {2014},
	volume = {6},
	number = {1},
	pages = {349-356},
	doi = {10.1021/am404394g}
}

% https://www.science.org/doi/10.1126/science.1147241
@article{Lee2007,
  	author = {Lee, Haeshin and Dellatore, Shara M. and Miller, William M. and Messersmith, Phillip B.},
  	title = {Mussel-inspired surface chemistry for multifunctional coatings},
  	journal = {Science},
  	year = {2007},
  	volume = {318},
  	number = {5849},
  	pages = {426--430},
  	doi = {10.1126/science.1147241}
}
